<?xml version="1.0" encoding="UTF-8"?><collection xmlns="http://www.loc.gov/MARC21/slim"><record><leader>00361nam--2200133-i-4500</leader><controlfield tag="001">000038039</controlfield><controlfield tag="002">20161230</controlfield><controlfield tag="005">20161230201041</controlfield><controlfield tag="008">060222s1000------------r-----000-0-eng-d</controlfield><datafield ind1=" " ind2=" " tag="100"><subfield code="a">Raymondi, Carlo</subfield></datafield><datafield ind1=" " ind2=" " tag="245"><subfield code="a">Sul problema delle travi con appoggio elastico continuo</subfield></datafield><datafield ind1=" " ind2=" " tag="260"><subfield code="a">9p</subfield></datafield><datafield ind1=" " ind2=" " tag="490"><subfield code="a">Publ.Della Facolta D`Ingegneria Dell`Univ.Din Pisa</subfield></datafield><datafield ind1=" " ind2=" " tag="852"><subfield code="a">13857</subfield></datafield></record></collection>